@book{Knuth:1998:ACP:280635,
 author = "Knuth, Donald E.",
 title = "The Art of Computer Programming,  Volume 3: (2Nd Ed.) Sorting and Searching",
 year = "1998",
 isbn = "0-201-89685-0",
 publisher = "Addison Wesley Longman Publishing Co., Inc.",
 address = "Redwood City, CA, USA",
}

@misc{angelscript,
	title = "The AngelCode Scripting Library",
	howpublished = "\url{http://www.angelcode.com/angelscript/}",
	key = "AngelScript"
}

@misc{lua,
	title = "The Programming Language Lua",
	howpublished = "\url{http://www.lua.org}",
	key = "Lua"
}

@misc{pluto,
	title = "PLUTO - Heavy duty persistence for Lua",
	howpublished = "\url{https://github.com/hoelzro/pluto}",
	key = "Pluto"
}

@misc{rust,
	title = "The Rust Programming Language",
	howpublished = "\url{https://www.rust-lang.org/}",
	key = "Rust"
}